00100000         100000832658480000123432001402034  0166830000000424374 DINARTE ALVES MARTINS FILHO   BANCO DO BRASIL S.A.                    12611201920280700000308400000                                                                     
00100011R01  043 1000000832658480000123432001402034  0166830000000424374 DINARTE ALVES MARTINS FILHO                                                                                   000000032611201900000000                                 
0010001300001P 010166830000000424374 12343200028         0    662/2019.11    2503202000000000003768200000 02N07052019225032020000000000006000000000000000000000000000000000000000000000000000000000662/2019.11              3000000090000000000 
0010001300002Q 011000082388040787MARCIA COELHO MORAES                    RUA LEONORA ARMSTRONG                   PONTA NEGRA    59092450NATAL          RN0000000000000000                                        000                            
0010001300003R 01000000000000000000000000000000000000000000000000225032020000000000001000                                                                                                              0000000000000000 000000000000  0         
0010001300004P 010166830000000424374 12343200029         0    662/2019.11    2503202000000000003768200000 02N07052019225032020000000000006000000000000000000000000000000000000000000000000000000000662/2019.11              3000000090000000000 
0010001300005Q 011000082388040787MARCIA COELHO MORAES                    RUA LEONORA ARMSTRONG                   PONTA NEGRA    59092450NATAL          RN0000000000000000                                        000                            
0010001300006R 01000000000000000000000000000000000000000000000000225032020000000000001000                                                                                                              0000000000000000 000000000000  0         
00100015         00000800000000000000000000000000000000000000000000000000000000000000000000000000000000000000000000                                                                                                                             
00199999         000001000010000000                                                                                                                                                                                                             
