00100000         100000832658480000123432001402034  0166830000000424374 DINARTE ALVES MARTINS FILHO   BANCO DO BRASIL S.A.                    12611201921260800000408400000                                                                     
00100011R01  043 1000000832658480000123432001402034  0166830000000424374 DINARTE ALVES MARTINS FILHO                                                                                   000000042611201900000000                                 
0010001300001P 010166830000000424374 12343200030         0    662/2019.9     2501202000000000003768200000 02N07052019225012020000000000006000000000000000000000000000000000000000000000000000000000662/2019.9               3000000090000000000 
0010001300002Q 011000082388040787MARCIA COELHO MORAES                    RUA LEONORA ARMSTRONG                   PONTA NEGRA    59092450NATAL          RN0000000000000000                                        000                            
0010001300003R 01000000000000000000000000000000000000000000000000225012020000000000001000                                                                                                              0000000000000000 000000000000  0         
0010001300004P 010166830000000424374 12343200031         0    662/2019.10    2502202000000000003768200000 02N07052019225022020000000000006000000000000000000000000000000000000000000000000000000000662/2019.10              3000000090000000000 
0010001300005Q 011000082388040787MARCIA COELHO MORAES                    RUA LEONORA ARMSTRONG                   PONTA NEGRA    59092450NATAL          RN0000000000000000                                        000                            
0010001300006R 01000000000000000000000000000000000000000000000000225022020000000000001000                                                                                                              0000000000000000 000000000000  0         
0010001300007P 010166830000000424374 12343200032         0    662/2019.16    2508202000000000003768200000 02N07052019225082020000000000006000000000000000000000000000000000000000000000000000000000662/2019.16              3000000090000000000 
0010001300008Q 011000082388040787MARCIA COELHO MORAES                    RUA LEONORA ARMSTRONG                   PONTA NEGRA    59092450NATAL          RN0000000000000000                                        000                            
0010001300009R 01000000000000000000000000000000000000000000000000225082020000000000001000                                                                                                              0000000000000000 000000000000  0         
0010001300010P 010166830000000424374 12343200033         0    662/2019.17    2509202000000000003768200000 02N07052019225092020000000000006000000000000000000000000000000000000000000000000000000000662/2019.17              3000000090000000000 
0010001300011Q 011000082388040787MARCIA COELHO MORAES                    RUA LEONORA ARMSTRONG                   PONTA NEGRA    59092450NATAL          RN0000000000000000                                        000                            
0010001300012R 01000000000000000000000000000000000000000000000000225092020000000000001000                                                                                                              0000000000000000 000000000000  0         
0010001300013P 010166830000000424374 12343200034         0    662/2019.19    2511202000000000003768200000 02N07052019225112020000000000006000000000000000000000000000000000000000000000000000000000662/2019.19              3000000090000000000 
0010001300014Q 011000082388040787MARCIA COELHO MORAES                    RUA LEONORA ARMSTRONG                   PONTA NEGRA    59092450NATAL          RN0000000000000000                                        000                            
0010001300015R 01000000000000000000000000000000000000000000000000225112020000000000001000                                                                                                              0000000000000000 000000000000  0         
0010001300016P 010166830000000424374 12343200035         0    662/2019.26    2506202100000000003768200000 02N07052019225062021000000000006000000000000000000000000000000000000000000000000000000000662/2019.26              3000000090000000000 
0010001300017Q 011000082388040787MARCIA COELHO MORAES                    RUA LEONORA ARMSTRONG                   PONTA NEGRA    59092450NATAL          RN0000000000000000                                        000                            
0010001300018R 01000000000000000000000000000000000000000000000000225062021000000000001000                                                                                                              0000000000000000 000000000000  0         
0010001300019P 010166830000000424374 12343200036         0    662/2019.28    2508202100000000003768200000 02N07052019225082021000000000006000000000000000000000000000000000000000000000000000000000662/2019.28              3000000090000000000 
0010001300020Q 011000082388040787MARCIA COELHO MORAES                    RUA LEONORA ARMSTRONG                   PONTA NEGRA    59092450NATAL          RN0000000000000000                                        000                            
0010001300021R 01000000000000000000000000000000000000000000000000225082021000000000001000                                                                                                              0000000000000000 000000000000  0         
0010001300022P 010166830000000424374 12343200037         0    662/2019.33    2501202200000000003768200000 02N07052019225012022000000000006000000000000000000000000000000000000000000000000000000000662/2019.33              3000000090000000000 
0010001300023Q 011000082388040787MARCIA COELHO MORAES                    RUA LEONORA ARMSTRONG                   PONTA NEGRA    59092450NATAL          RN0000000000000000                                        000                            
0010001300024R 01000000000000000000000000000000000000000000000000225012022000000000001000                                                                                                              0000000000000000 000000000000  0         
0010001300025P 010166830000000424374 12343200038         0    662/2019.35    2503202200000000003768200000 02N07052019225032022000000000006000000000000000000000000000000000000000000000000000000000662/2019.35              3000000090000000000 
0010001300026Q 011000082388040787MARCIA COELHO MORAES                    RUA LEONORA ARMSTRONG                   PONTA NEGRA    59092450NATAL          RN0000000000000000                                        000                            
0010001300027R 01000000000000000000000000000000000000000000000000225032022000000000001000                                                                                                              0000000000000000 000000000000  0         
0010001300028P 010166830000000424374 12343200039         0    662/2019.36    2504202200000000003768200000 02N07052019225042022000000000006000000000000000000000000000000000000000000000000000000000662/2019.36              3000000090000000000 
0010001300029Q 011000082388040787MARCIA COELHO MORAES                    RUA LEONORA ARMSTRONG                   PONTA NEGRA    59092450NATAL          RN0000000000000000                                        000                            
0010001300030R 01000000000000000000000000000000000000000000000000225042022000000000001000                                                                                                              0000000000000000 000000000000  0         
0010001300031P 010166830000000424374 12343200040         0    662/2019.41    2509202200000000003768200000 02N07052019225092022000000000006000000000000000000000000000000000000000000000000000000000662/2019.41              3000000090000000000 
0010001300032Q 011000082388040787MARCIA COELHO MORAES                    RUA LEONORA ARMSTRONG                   PONTA NEGRA    59092450NATAL          RN0000000000000000                                        000                            
0010001300033R 01000000000000000000000000000000000000000000000000225092022000000000001000                                                                                                              0000000000000000 000000000000  0         
0010001300034P 010166830000000424374 12343200041         0    662/2019.42    2510202200000000003768200000 02N07052019225102022000000000006000000000000000000000000000000000000000000000000000000000662/2019.42              3000000090000000000 
0010001300035Q 011000082388040787MARCIA COELHO MORAES                    RUA LEONORA ARMSTRONG                   PONTA NEGRA    59092450NATAL          RN0000000000000000                                        000                            
0010001300036R 01000000000000000000000000000000000000000000000000225102022000000000001000                                                                                                              0000000000000000 000000000000  0         
0010001300037P 010166830000000424374 12343200042         0    662/2019.43    2511202200000000003768200000 02N07052019225112022000000000006000000000000000000000000000000000000000000000000000000000662/2019.43              3000000090000000000 
0010001300038Q 011000082388040787MARCIA COELHO MORAES                    RUA LEONORA ARMSTRONG                   PONTA NEGRA    59092450NATAL          RN0000000000000000                                        000                            
0010001300039R 01000000000000000000000000000000000000000000000000225112022000000000001000                                                                                                              0000000000000000 000000000000  0         
0010001300040P 010166830000000424374 12343200043         0    662/2019.50    2506202300000000003768200000 02N07052019225062023000000000006000000000000000000000000000000000000000000000000000000000662/2019.50              3000000090000000000 
0010001300041Q 011000082388040787MARCIA COELHO MORAES                    RUA LEONORA ARMSTRONG                   PONTA NEGRA    59092450NATAL          RN0000000000000000                                        000                            
0010001300042R 01000000000000000000000000000000000000000000000000225062023000000000001000                                                                                                              0000000000000000 000000000000  0         
0010001300043P 010166830000000424374 12343200044         0    662/2019.52    2508202300000000003768200000 02N07052019225082023000000000006000000000000000000000000000000000000000000000000000000000662/2019.52              3000000090000000000 
0010001300044Q 011000082388040787MARCIA COELHO MORAES                    RUA LEONORA ARMSTRONG                   PONTA NEGRA    59092450NATAL          RN0000000000000000                                        000                            
0010001300045R 01000000000000000000000000000000000000000000000000225082023000000000001000                                                                                                              0000000000000000 000000000000  0         
0010001300046P 010166830000000424374 12343200045         0    662/2019.59    2503202400000000003768200000 02N07052019225032024000000000006000000000000000000000000000000000000000000000000000000000662/2019.59              3000000090000000000 
0010001300047Q 011000082388040787MARCIA COELHO MORAES                    RUA LEONORA ARMSTRONG                   PONTA NEGRA    59092450NATAL          RN0000000000000000                                        000                            
0010001300048R 01000000000000000000000000000000000000000000000000225032024000000000001000                                                                                                              0000000000000000 000000000000  0         
0010001300049P 010166830000000424374 12343200046         0    662/2019.60    2504202400000000003768200000 02N07052019225042024000000000006000000000000000000000000000000000000000000000000000000000662/2019.60              3000000090000000000 
0010001300050Q 011000082388040787MARCIA COELHO MORAES                    RUA LEONORA ARMSTRONG                   PONTA NEGRA    59092450NATAL          RN0000000000000000                                        000                            
0010001300051R 01000000000000000000000000000000000000000000000000225042024000000000001000                                                                                                              0000000000000000 000000000000  0         
0010001300052P 010166830000000424374 12343200047         0    662/2019.61    2505202400000000003768200000 02N07052019225052024000000000006000000000000000000000000000000000000000000000000000000000662/2019.61              3000000090000000000 
0010001300053Q 011000082388040787MARCIA COELHO MORAES                    RUA LEONORA ARMSTRONG                   PONTA NEGRA    59092450NATAL          RN0000000000000000                                        000                            
0010001300054R 01000000000000000000000000000000000000000000000000225052024000000000001000                                                                                                              0000000000000000 000000000000  0         
0010001300055P 010166830000000424374 12343200048         0    662/2019.66    2510202400000000003768200000 02N07052019225102024000000000006000000000000000000000000000000000000000000000000000000000662/2019.66              3000000090000000000 
0010001300056Q 011000082388040787MARCIA COELHO MORAES                    RUA LEONORA ARMSTRONG                   PONTA NEGRA    59092450NATAL          RN0000000000000000                                        000                            
0010001300057R 01000000000000000000000000000000000000000000000000225102024000000000001000                                                                                                              0000000000000000 000000000000  0         
0010001300058P 010166830000000424374 12343200049         0    662/2019.67    2511202400000000003768200000 02N07052019225112024000000000006000000000000000000000000000000000000000000000000000000000662/2019.67              3000000090000000000 
0010001300059Q 011000082388040787MARCIA COELHO MORAES                    RUA LEONORA ARMSTRONG                   PONTA NEGRA    59092450NATAL          RN0000000000000000                                        000                            
0010001300060R 01000000000000000000000000000000000000000000000000225112024000000000001000                                                                                                              0000000000000000 000000000000  0         
0010001300061P 010166830000000424374 12343200050         0    662/2019.69    2501202500000000003768200000 02N07052019225012025000000000006000000000000000000000000000000000000000000000000000000000662/2019.69              3000000090000000000 
0010001300062Q 011000082388040787MARCIA COELHO MORAES                    RUA LEONORA ARMSTRONG                   PONTA NEGRA    59092450NATAL          RN0000000000000000                                        000                            
0010001300063R 01000000000000000000000000000000000000000000000000225012025000000000001000                                                                                                              0000000000000000 000000000000  0         
0010001300064P 010166830000000424374 12343200051         0    662/2019.13    2505202000000000003768200000 02N07052019225052020000000000006000000000000000000000000000000000000000000000000000000000662/2019.13              3000000090000000000 
0010001300065Q 011000082388040787MARCIA COELHO MORAES                    RUA LEONORA ARMSTRONG                   PONTA NEGRA    59092450NATAL          RN0000000000000000                                        000                            
0010001300066R 01000000000000000000000000000000000000000000000000225052020000000000001000                                                                                                              0000000000000000 000000000000  0         
0010001300067P 010166830000000424374 12343200052         0    662/2019.15    2507202000000000003768200000 02N07052019225072020000000000006000000000000000000000000000000000000000000000000000000000662/2019.15              3000000090000000000 
0010001300068Q 011000082388040787MARCIA COELHO MORAES                    RUA LEONORA ARMSTRONG                   PONTA NEGRA    59092450NATAL          RN0000000000000000                                        000                            
0010001300069R 01000000000000000000000000000000000000000000000000225072020000000000001000                                                                                                              0000000000000000 000000000000  0         
0010001300070P 010166830000000424374 12343200053         0    662/2019.20    2512202000000000003768200000 02N07052019225122020000000000006000000000000000000000000000000000000000000000000000000000662/2019.20              3000000090000000000 
0010001300071Q 011000082388040787MARCIA COELHO MORAES                    RUA LEONORA ARMSTRONG                   PONTA NEGRA    59092450NATAL          RN0000000000000000                                        000                            
0010001300072R 01000000000000000000000000000000000000000000000000225122020000000000001000                                                                                                              0000000000000000 000000000000  0         
0010001300073P 010166830000000424374 12343200054         0    662/2019.30    2510202100000000003768200000 02N07052019225102021000000000006000000000000000000000000000000000000000000000000000000000662/2019.30              3000000090000000000 
0010001300074Q 011000082388040787MARCIA COELHO MORAES                    RUA LEONORA ARMSTRONG                   PONTA NEGRA    59092450NATAL          RN0000000000000000                                        000                            
0010001300075R 01000000000000000000000000000000000000000000000000225102021000000000001000                                                                                                              0000000000000000 000000000000  0         
0010001300076P 010166830000000424374 12343200055         0    662/2019.32    2512202100000000003768200000 02N07052019225122021000000000006000000000000000000000000000000000000000000000000000000000662/2019.32              3000000090000000000 
0010001300077Q 011000082388040787MARCIA COELHO MORAES                    RUA LEONORA ARMSTRONG                   PONTA NEGRA    59092450NATAL          RN0000000000000000                                        000                            
0010001300078R 01000000000000000000000000000000000000000000000000225122021000000000001000                                                                                                              0000000000000000 000000000000  0         
0010001300079P 010166830000000424374 12343200056         0    662/2019.37    2505202200000000003768200000 02N07052019225052022000000000006000000000000000000000000000000000000000000000000000000000662/2019.37              3000000090000000000 
0010001300080Q 011000082388040787MARCIA COELHO MORAES                    RUA LEONORA ARMSTRONG                   PONTA NEGRA    59092450NATAL          RN0000000000000000                                        000                            
0010001300081R 01000000000000000000000000000000000000000000000000225052022000000000001000                                                                                                              0000000000000000 000000000000  0         
0010001300082P 010166830000000424374 12343200057         0    662/2019.39    2507202200000000003768200000 02N07052019225072022000000000006000000000000000000000000000000000000000000000000000000000662/2019.39              3000000090000000000 
0010001300083Q 011000082388040787MARCIA COELHO MORAES                    RUA LEONORA ARMSTRONG                   PONTA NEGRA    59092450NATAL          RN0000000000000000                                        000                            
0010001300084R 01000000000000000000000000000000000000000000000000225072022000000000001000                                                                                                              0000000000000000 000000000000  0         
0010001300085P 010166830000000424374 12343200058         0    662/2019.46    2502202300000000003768200000 02N07052019225022023000000000006000000000000000000000000000000000000000000000000000000000662/2019.46              3000000090000000000 
0010001300086Q 011000082388040787MARCIA COELHO MORAES                    RUA LEONORA ARMSTRONG                   PONTA NEGRA    59092450NATAL          RN0000000000000000                                        000                            
0010001300087R 01000000000000000000000000000000000000000000000000225022023000000000001000                                                                                                              0000000000000000 000000000000  0         
00100015         00008900000000000000000000000000000000000000000000000000000000000000000000000000000000000000000000                                                                                                                             
00199999         000001000091000000                                                                                                                                                                                                             
