00100000         100000832658480000123432001402034  0166830000000424374 DINARTE ALVES MARTINS FILHO   BANCO DO BRASIL S.A.                    12611201920151900000208400000                                                                     
00100011R01  043 1000000832658480000123432001402034  0166830000000424374 DINARTE ALVES MARTINS FILHO                                                                                   000000022611201900000000                                 
0010001300001P 010166830000000424374 12343200010         0    316/2011.60    1411201900000000004983000000 02N27102014214112019000000000006000000000000000000000000000000000000000000000000000000000316/2011.60              3000000090000000000 
0010001300002Q 011000000058097465RICARDO MACEDO DE OLIVEIRA              RUA MIMOSA LEITE                        GILBERTO PINHEI59380000CURRAIS NOVOS  RN0000000000000000                                        000                            
0010001300003R 01000000000000000000000000000000000000000000000000214112019000000000001000                                                                                                              0000000000000000 000000000000  0         
0010001300004P 010166830000000424374 12343200011         0    316/2011.63    1402202000000000004983000000 02N27102014214022020000000000006000000000000000000000000000000000000000000000000000000000316/2011.63              3000000090000000000 
0010001300005Q 011000000058097465RICARDO MACEDO DE OLIVEIRA              RUA MIMOSA LEITE                        GILBERTO PINHEI59380000CURRAIS NOVOS  RN0000000000000000                                        000                            
0010001300006R 01000000000000000000000000000000000000000000000000214022020000000000001000                                                                                                              0000000000000000 000000000000  0         
0010001300007P 010166830000000424374 12343200012         0    317/2011.60    1411201900000000004983000000 02N27102014214112019000000000006000000000000000000000000000000000000000000000000000000000317/2011.60              3000000090000000000 
0010001300008Q 011000000058097465RICARDO MACEDO DE OLIVEIRA              RUA MIMOSA LEITE                        GILBERTO PINHEI59380000CURRAIS NOVOS  RN0000000000000000                                        000                            
0010001300009R 01000000000000000000000000000000000000000000000000214112019000000000001000                                                                                                              0000000000000000 000000000000  0         
0010001300010P 010166830000000424374 12343200013         0    317/2011.63    1402202000000000004983000000 02N27102014214022020000000000006000000000000000000000000000000000000000000000000000000000317/2011.63              3000000090000000000 
0010001300011Q 011000000058097465RICARDO MACEDO DE OLIVEIRA              RUA MIMOSA LEITE                        GILBERTO PINHEI59380000CURRAIS NOVOS  RN0000000000000000                                        000                            
0010001300012R 01000000000000000000000000000000000000000000000000214022020000000000001000                                                                                                              0000000000000000 000000000000  0         
0010001300013P 010166830000000424374 12343200014         0    317/2011.61    1412201900000000004983000000 02N27102014214122019000000000006000000000000000000000000000000000000000000000000000000000317/2011.61              3000000090000000000 
0010001300014Q 011000000058097465RICARDO MACEDO DE OLIVEIRA              RUA MIMOSA LEITE                        GILBERTO PINHEI59380000CURRAIS NOVOS  RN0000000000000000                                        000                            
0010001300015R 01000000000000000000000000000000000000000000000000214122019000000000001000                                                                                                              0000000000000000 000000000000  0         
0010001300016P 010166830000000424374 12343200015         0    316/2011.61    1412201900000000004983000000 02N27102014214122019000000000006000000000000000000000000000000000000000000000000000000000316/2011.61              3000000090000000000 
0010001300017Q 011000000058097465RICARDO MACEDO DE OLIVEIRA              RUA MIMOSA LEITE                        GILBERTO PINHEI59380000CURRAIS NOVOS  RN0000000000000000                                        000                            
0010001300018R 01000000000000000000000000000000000000000000000000214122019000000000001000                                                                                                              0000000000000000 000000000000  0         
0010001300019P 010166830000000424374 12343200016         0    317/2011.62    1401202000000000004983000000 02N27102014214012020000000000006000000000000000000000000000000000000000000000000000000000317/2011.62              3000000090000000000 
0010001300020Q 011000000058097465RICARDO MACEDO DE OLIVEIRA              RUA MIMOSA LEITE                        GILBERTO PINHEI59380000CURRAIS NOVOS  RN0000000000000000                                        000                            
0010001300021R 01000000000000000000000000000000000000000000000000214012020000000000001000                                                                                                              0000000000000000 000000000000  0         
0010001300022P 010166830000000424374 12343200017         0    316/2011.62    1401202000000000004983000000 02N27102014214012020000000000006000000000000000000000000000000000000000000000000000000000316/2011.62              3000000090000000000 
0010001300023Q 011000000058097465RICARDO MACEDO DE OLIVEIRA              RUA MIMOSA LEITE                        GILBERTO PINHEI59380000CURRAIS NOVOS  RN0000000000000000                                        000                            
0010001300024R 01000000000000000000000000000000000000000000000000214012020000000000001000                                                                                                              0000000000000000 000000000000  0         
0010001300025P 010166830000000424374 12343200018         0    312/2011.60    3011201900000000004529100000 02N24102014230112019000000000006000000000000000000000000000000000000000000000000000000000312/2011.60              3000000090000000000 
0010001300026Q 011000066423295468JOSE MAURIZAN DE MACEDO SILVA           AVENIDA DR SILVIO B DE MELO             CENTRO         59380000CURRAIS NOVOS  RN0000000000000000                                        000                            
0010001300027R 01000000000000000000000000000000000000000000000000230112019000000000001000                                                                                                              0000000000000000 000000000000  0         
0010001300028P 010166830000000424374 12343200019         0    312/2011.61    3012201900000000004529100000 02N24102014230122019000000000006000000000000000000000000000000000000000000000000000000000312/2011.61              3000000090000000000 
0010001300029Q 011000066423295468JOSE MAURIZAN DE MACEDO SILVA           AVENIDA DR SILVIO B DE MELO             CENTRO         59380000CURRAIS NOVOS  RN0000000000000000                                        000                            
0010001300030R 01000000000000000000000000000000000000000000000000230122019000000000001000                                                                                                              0000000000000000 000000000000  0         
0010001300031P 010166830000000424374 12343200020         0    306/2011.61    2812201900000000004647400000 02N27102014228122019000000000006000000000000000000000000000000000000000000000000000000000306/2011.61              3000000090000000000 
0010001300032Q 011000065508068449OZAIR GONALVES DE BRITO                 AVENIDA PRES GETULIO VARGAS             ANTONIO RAFAEL 59380000CURRAIS NOVOS  RN0000000000000000                                        000                            
0010001300033R 01000000000000000000000000000000000000000000000000228122019000000000001000                                                                                                              0000000000000000 000000000000  0         
0010001300034P 010166830000000424374 12343200021         0    306/2011.62    2801202000000000004647400000 02N27102014228012020000000000006000000000000000000000000000000000000000000000000000000000306/2011.62              3000000090000000000 
0010001300035Q 011000065508068449OZAIR GONALVES DE BRITO                 AVENIDA PRES GETULIO VARGAS             ANTONIO RAFAEL 59380000CURRAIS NOVOS  RN0000000000000000                                        000                            
0010001300036R 01000000000000000000000000000000000000000000000000228012020000000000001000                                                                                                              0000000000000000 000000000000  0         
0010001300037P 010166830000000424374 12343200022         0    306/2011.60    2811201900000000004647400000 02N27102014228112019000000000006000000000000000000000000000000000000000000000000000000000306/2011.60              3000000090000000000 
0010001300038Q 011000065508068449OZAIR GONALVES DE BRITO                 AVENIDA PRES GETULIO VARGAS             ANTONIO RAFAEL 59380000CURRAIS NOVOS  RN0000000000000000                                        000                            
0010001300039R 01000000000000000000000000000000000000000000000000228112019000000000001000                                                                                                              0000000000000000 000000000000  0         
0010001300040P 010166830000000424374 12343200023         0    317/2011.60    1411201900000000004983000000 02N27102014214112019000000000006000000000000000000000000000000000000000000000000000000000317/2011.60              3000000090000000000 
0010001300041Q 011000000058097465RICARDO MACEDO DE OLIVEIRA              RUA MIMOSA LEITE                        GILBERTO PINHEI59380000CURRAIS NOVOS  RN0000000000000000                                        000                            
0010001300042R 01000000000000000000000000000000000000000000000000214112019000000000001000                                                                                                              0000000000000000 000000000000  0         
0010001300043P 010166830000000424374 12343200024         0    317/2011.60    1411201900000000004983000000 02N27102014214112019000000000006000000000000000000000000000000000000000000000000000000000317/2011.60              3000000090000000000 
0010001300044Q 011000000058097465RICARDO MACEDO DE OLIVEIRA              RUA MIMOSA LEITE                        GILBERTO PINHEI59380000CURRAIS NOVOS  RN0000000000000000                                        000                            
0010001300045R 01000000000000000000000000000000000000000000000000214112019000000000001000                                                                                                              0000000000000000 000000000000  0         
0010001300046P 010166830000000424374 12343200025         0    317/2011.60    1411201900000000004983000000 02N27102014214112019000000000006000000000000000000000000000000000000000000000000000000000317/2011.60              3000000090000000000 
0010001300047Q 011000000058097465RICARDO MACEDO DE OLIVEIRA              RUA MIMOSA LEITE                        GILBERTO PINHEI59380000CURRAIS NOVOS  RN0000000000000000                                        000                            
0010001300048R 01000000000000000000000000000000000000000000000000214112019000000000001000                                                                                                              0000000000000000 000000000000  0         
0010001300049P 010166830000000424374 12343200026         0    316/2011.60    1411201900000000008541600000 02N27102014214112019000000000006000000000000000000000000000000000000000000000000000000000316/2011.60              3000000090000000000 
0010001300050Q 011000000058097465RICARDO MACEDO DE OLIVEIRA              RUA MIMOSA LEITE                        GILBERTO PINHEI59380000CURRAIS NOVOS  RN0000000000000000                                        000                            
0010001300051R 01000000000000000000000000000000000000000000000000214112019000000000001000                                                                                                              0000000000000000 000000000000  0         
0010001300052P 010166830000000424374 12343200027         0    306/2011.60    2811201900000000008017900000 02N27102014228112019000000000006000000000000000000000000000000000000000000000000000000000306/2011.60              3000000090000000000 
0010001300053Q 011000065508068449OZAIR GONALVES DE BRITO                 AVENIDA PRES GETULIO VARGAS             ANTONIO RAFAEL 59380000CURRAIS NOVOS  RN0000000000000000                                        000                            
0010001300054R 01000000000000000000000000000000000000000000000000228112019000000000001000                                                                                                              0000000000000000 000000000000  0         
00100015         00005600000000000000000000000000000000000000000000000000000000000000000000000000000000000000000000                                                                                                                             
00199999         000001000058000000                                                                                                                                                                                                             
